% This file was created with JabRef 2.5.
% Encoding: Cp1252

@misc{merkle,
  author = {Ralph C. Merkle},
  title = {Method of providing digital signatures},
  year = {US patent 4309569, Jan 5 1982}
}

@misc{DASH,
  author = {},
  howpublished = {},
  title = {Dynamic adaptive streaming over HTTP (DASH)},
  year = {2022}
}